@book{Fletcher1998,
    place       =   {Cambridge},
    series      =   {Cambridge Aerospace Series},
    title       =   {Computational Techniques for Fluid Dynamics: Fundamental and General Techniques},
    doi         =   {10.1007/978-3-642-58229-5},
    publisher   =   {Springer-Verlag Berlin Heidelberg},
    author      =   {Fletcher, C. A. J.},
    year        =   {1998}
}

@book{Hall2018,
    publisher   =   {National Aeronautics and Space Administration},
    author      =   {Hall, N.},
    title       =   {Oblique Shock Waves},
    year        =   {last updated: April 06, 2018. https://www.grc.nasa.gov/www/k-12/airplane/oblique.html}
}

@book{Gottlieb1998,
    title       =   {Total variation diminishing Runge-Kutta schemes},
    publisher   =   {Mathematics of Computation, vol. 67, no. 221, pp. 73–85},
    author      =   {Gottlieb, S. and Shu C. W.},
    year        =   {1998}
}

@book{Hall_calc,
    publisher   =   {Virginia Tech},
    author      =   {Hall, N.},
    title       =   {Compressible Aerodynamics Calculator 3.0},
    year        =   {last updated: Dec 05, 2016. http://www.dept.aoe.vt.edu/~devenpor/aoe3114/calc.html}
}

@book{Mccabe1967,
    title       =   {Design of a Supersonic Nozzle},
    publisher   =   {},
    author      =   {Mccabe, B.A.},
    year        =   {1967}
}

@book{Anderson1990,
    title       =   {Modern Compressible Flow, 2nd ed.},
    publisher   =   {},
    author      =   {Anderson, J. D.},
    year        =   {1990}
}

@article{Launder1974,
    title       =   {The numerical computation of turbulent flows},
    journal     =   {Computer Methods in Applied Mechanics and Engineering},
    volume      =   {3},
    number      =   {2},
    pages       =   {269--289},
    year        =   {1974},
    issn        =   {0045--7825},
    doi         =   {10.1016/0045-7825(74)90029-2},
    author      =   {Launder, B. E. and Spalding, D.}
}

@book{Saad2011,
    title       =   {Turbulence Modeling For Beginners},
    publisher   =   {University of Tennessee Space Institute},
    author      =   {Saad, T.},
    year        =   {2011}
}

@book{Cant2007,
    place       =   {London, UK},
    title       =   {An Introduction to Turbulent Reacting Flows},
    doi         =   {10.1142/p498},
    publisher   =   {Imperial College Press},
    author      =   {Cant, R.S. and Mastorakos, E.},
    year        =   {2007}
}

%%%%%%%%%%%%%%%%%%%%%%%%%%%%%%%%%%%%%%%%%%%%%%%%%%%%%%%%%%%%%%%%%%%%%%%%%%%%%%%%%%%%%%%%%%%%%%%%%%%%%%%%%%%%%%%%%%%

@book{Tucker2016,
    place       =   {Cambridge},
    series      =   {Cambridge Aerospace Series},
    title       =   {Advanced Computational Fluid and Aerodynamics},
    doi         =   {10.1017/CBO9781139872010},
    publisher   =   {Cambridge University Press},
    author      =   {Tucker, P. G.},
    year        =   {2016},
    collection  =   {Cambridge Aerospace Series}
}

@book{Hynes2018,
    series      =   {Computational Fluid Dynamics Part IIB 4A2},
    title       =   {Course Lecture Slides},
    publisher   =   {University of Cambridge Department of Engineering},
    author      =   {Hynes, T. and Tucker, P. G.},
    year        =   {Michaelmas 2018}
}

@book{Fletcher1998,
    place       =   {Cambridge},
    series      =   {Cambridge Aerospace Series},
    title       =   {Computational Techniques for Fluid Dynamics: Fundamental and General Techniques},
    doi         =   {10.1007/978-3-642-58229-5},
    publisher   =   {Springer-Verlag Berlin Heidelberg},
    author      =   {Fletcher, C. A. J.},
    year        =   {1998}
}

@book{Hall2018,
    publisher   =   {National Aeronautics and Space Administration},
    author      =   {Hall, N.},
    title       =   {Oblique Shock Waves},
    year        =   {last updated: April 06, 2018. https://www.grc.nasa.gov/www/k-12/airplane/oblique.html}
}

@book{Gottlieb1998,
    title       =   {Total variation diminishing Runge-Kutta schemes},
    publisher   =   {Mathematics of Computation, vol. 67, no. 221, pp. 73–85},
    author      =   {Gottlieb, S. and Shu C. W.},
    year        =   {1998}
}

@book{Hall_calc,
    publisher   =   {Virginia Tech},
    author      =   {Hall, N.},
    title       =   {Compressible Aerodynamics Calculator 3.0},
    year        =   {last updated: Dec 05, 2016. http://www.dept.aoe.vt.edu/~devenpor/aoe3114/calc.html}
}

@book{Mccabe1967,
    title       =   {Design of a Supersonic Nozzle},
    publisher   =   {},
    author      =   {Mccabe, B.A.},
    year        =   {1967}
}

@book{Anderson1990,
    title       =   {Modern Compressible Flow, 2nd ed.},
    publisher   =   {},
    author      =   {Anderson, J. D.},
    year        =   {1990}
}

@article{Launder1974,
    title       =   {The numerical computation of turbulent flows},
    journal     =   {Computer Methods in Applied Mechanics and Engineering},
    volume      =   {3},
    number      =   {2},
    pages       =   {269--289},
    year        =   {1974},
    issn        =   {0045--7825},
    doi         =   {10.1016/0045-7825(74)90029-2},
    author      =   {Launder, B. E. and Spalding, D.}
}

@book{Saad2011,
    title       =   {Turbulence Modeling For Beginners},
    publisher   =   {University of Tennessee Space Institute},
    author      =   {Saad, T.},
    year        =   {2011}
}

@book{Cant2007,
    place       =   {London, UK},
    title       =   {An Introduction to Turbulent Reacting Flows},
    doi         =   {10.1142/p498},
    publisher   =   {Imperial College Press},
    author      =   {Cant, R.S. and Mastorakos, E.},
    year        =   {2007}
}

@book{Toro2009,
    author      =   {Toro, E. F.},
    title       =   {Riemann Solvers and Numerical Methods for Fluid Dynamics: A Practical Introduction},
    year        =   {2009},
    publisher   =   {Springer Berlin Heidelberg},
    address     =   {Berlin, Heidelberg},
    doi         =   {10.1007/b79761_1},
    url         =   {https://doi.org/10.1007/b79761_1}
}

@misc{Broechers2022,
      author    =   {Boerchers, J. and Rzepka, S. and Fush, S. T.},
      title     =   {{PSYCHo-I}: {P}ython {S}imulations {Y}ielding {H}ydrodynamic {I}nstabilities},
      year      =   {2022},
      publisher =   {GitHub},
      journal   =   {GitHub repository},
      howpublished     =   {https://github.com/johnboerchers/psycho-i}
}

@misc{Fush2023,
      author    =   {Fush, S. T.},
      title     =   {{VIPS}: {V}arying {I}ncompressible flow {P}ressure {S}olver},
      year      =   {2023},
      publisher =   {GitHub},
      journal   =   {GitHub repository},
      howpublished     =   {https://github.com/trevorfush/vips}
}

@book{Press2007,
    author      =	{Press, W. H. and Teukolsky, S. A. and Vetterling, W. T. and Flannery, B. P.},
    title	    =	{Numerical Recipes 3rd Edition: The Art of Scientific Computing},
    year	    =	{2007},
    isbn	    =	{0521880688},
    publisher	=	{Cambridge University Press},
    address	    =	{USA},
    edition	    =	{3}
}

@book{Hirsch2007,
    author      =   {Hirsch, C.},
    publisher   =   {Elsevier},
    title       =   {Numerical computation of internal and external flows: The fundamentals of computational fluid dynamics},
    year        =   {2007}
}


%%%%%%%%%%%%%%%%%%%%%%%%%%%%%%%%%%%%%%%%%%%%%%%%%%%%%%%%%%%%%%%%%%%%%%%%%%%%%%%%%%%%%%%%%%%%%%%%%%%%%%%%%%%%%%%%%%%

@misc{Gouldin_workshop,
    author      =   {Gouldin, F. and Cheng, R. K.},
    title       =   {International Workshop on Premixed Turbulent Flames},
    year        =   {2010},
    howpublished     =   {\url{http://eetd.lbl.gov/aet/combustion/workshop/workshop.html}},
    urldate     =   {}
}

@misc{data,
    author      =   {{University of Cambridge Research Data Management}},
    title       =   {{C}ambridge {U}niversity {D}ata {R}epository},
    year        =   {2019},
    howpublished     =   {\url{https://www.data.cam.ac.uk/}},
    urldate     =   {}
}

@misc{digitizeit,
    author      =   {Bormann, I.},
    title       =   {{D}igitize{I}t digitizer software},
    year        =   {2019},
    howpublished     =   {\url{https://www.digitizeit.de/}},
    urldate     =   {}
}

@techreport{IDA,
     title      =   {Estimating Uncertainties Related to Digitized Data for {G}oldbook},
     author     =   {Teng, S H.},
     group      =   {Science and Technology Division},
     year       =   {2016},
     institution    =  {Institute for Defense Analyses, Alexandria, Virginia},
}

@misc{Hochgreb_notes,
    author      =   {Hochgreb, S.},
    institution =   {University of Cambridge},
    howpublished    =   {University Lecture},
    year        =   {2018},
    title       =   {Laminar Premixed Flames}
}

@misc{Swami_notes,
    Author      =   {Swaminathan, N.},
    Institution =   {University of Cambridge},
    Howpublished    =   {University Lecture},
    Year        =   {2019},
    Title       =   {Laminar Premixed Flames}
}

@misc{cantera,
    author      =   {Goodwin, D. G. and Speth, R. L. and Moffat, H. K. and Weber, B. W.},
    title       =   {{C}antera: {A}n Object--oriented Software Toolkit for Chemical Kinetics, Thermodynamics, and Transport Processes},
    year        =   {2018},
    note        =   {Version 2.4.0},
    howpublished    =   {\url{https://www.cantera.org}},
    doi         =   {10.5281/zenodo.1174508}
}

@misc{gri30,
    author      =   {Smith, G. P. and Golden, D. M. and Frenklach, M. and Moriarty, N. W. and Eiteneer, B. and Goldenberg, M. and Bowman, C. T. and Hanson, R. K. and Song, S. and Gardiner,Jr., W. C. and Lissianski, V. V. and Qin, Z.},
    title       =   {GRI--Mech 3.0},
    year        =   {2018},
    howpublished    =   {\url{http://www.me.berkeley.edu/gri_mech/}}
}

@misc{volcano,
    author      =   {Volcano Hazards Program},
    title       =   {Movement on the Surface Provides Information About the Subsurface},
    publisher   =   {United States Geological Survey},
    howpublished    =   {\url{https://www.usgs.gov/programs/VHP/movement-surface-provides-information-about-subsurface}}
}

@book{Williams_book,
    author      =   {Williams, F. A.},
    year        =   {1985},
    title       =   {Combustion Theory},
    publisher   =   {The Benjamin/Cummings Publishing Company, Inc.},
    edition     =   {3rd}
}

@book{Peters_book,
    author      =	{Peters, N.},
    year        =	{2000},
	title       =	{Turbulent Combustion},
	publisher	=	{Cambridge University Press}
}

@article{Driscoll2008,
    title       =   {Turbulent premixed combustion: {F}lamelet structure and its effect on turbulent burning velocities},
    journal     =   {Progress in Energy and Combustion Science},
    volume      =   {34},
    number      =   {1},
    pages       =   {91--134},
    year        =   {2008},
    issn        =   {0360-1285},
    doi         =   {10.1016/j.pecs.2007.04.002},
    author      =   {Driscoll, J. F.}
}

@article{Chaudhuri2015,
    title       =   {On flame--turbulence interaction in constant--pressure expanding flames},
    journal     =   {Proceedings of the Combustion Institute},
    volume      =   {35},
    number      =   {2},
    pages       =   {1331--1339},
    year        =   {2015},
    issn        =   {1540--7489},
    doi         =   {10.1016/j.proci.2014.07.038},
    author      =   {Chaudhuri, S. and Saha, A. and Law, C. K.},
}

@article{Liu2021,
    title       =   {Self-turbulization in cellularly unstable laminar flames},
    volume      =   {917},
    doi        =   {10.1017/jfm.2021.330},
    journal     =   {Journal of Fluid Mechanics},
    author      =   {Liu, Z. and Unni, V. R. and Chaudhuri, S. and Sui, R. and Law, C. K. and Saha, A.},
    year        =   {2021},
    pages       =   {A53}
}

@article{BERTAGNI2023,
    author  = {Bertagni, M. B. and Socolow, R. H. and Martirez, J. M. P. and Carter, E. A. and Greig, C. and Ju, Y. and Lieuwen, T. and Mueller, M. E. and Sundaresan, S. and Wang, R. and Zondlo, M. A. and Porporato, A.},
    title   = {Minimizing the impacts of the ammonia economy on the nitrogen cycle and climate},
    journal = {Proceedings of the National Academy of Sciences},
    volume  = {120},
    number  = {46},
    pages   = {e2311728120},
    year    = {2023},
    doi     = {10.1073/pnas.2311728120},
    url     = {https://www.pnas.org/doi/abs/10.1073/pnas.2311728120}
}

@article{Li2004,
    author  = {Li, J. and Zhao, Z. and Kazakov, A. and Dryer, F. L.},
    title   = {An updated comprehensive kinetic model of hydrogen combustion},
    journal = {International Journal of Chemical Kinetics},
    volume  = {36},
    number  = {10},
    pages   = {566-575},
    doi     = {10.1002/kin.20026},
    url     = {https://onlinelibrary.wiley.com/doi/abs/10.1002/kin.20026},
    year    = {2004}
}

% CTRFL Manifold Papers

@phdthesis{Novoselov_thesis,
    author  = {Novoselov, A. G.},
    year    = {2020},
    month   = {},
    title   = {Manifold-based Modeling of Turbulent Reacting Flows: Cool Flames and Multi-Modal Combustion},
    journal = {ProQuest Dissertations and Theses},
    pages   = {132},
    isbn    = {9798662418066},
    language    = {English},
    school  = {Princeton University},
    url     = {https://www.proquest.com/dissertations-theses/manifold-based-modeling-turbulent-reacting-flows/docview/2429740225/se-2},
}

@article{NOVOSELOV2019,
    title   = {Turbulent nonpremixed cool flames: Experimental measurements, Direct Numerical Simulation, and manifold-based combustion modeling},
    journal = {Combustion and Flame},
    volume  = {209},
    pages   = {144--154},
    year    = {2019},
    issn    = {0010-2180},
    doi     = {10.1016/j.combustflame.2019.07.034},
    url     = {https://www.sciencedirect.com/science/article/pii/S001021801930344X},
    author  = {Novoselov, A. G. and Reuter, C. B. and Yehia, O. R. and Won, S. H. and Fu, M. K. and Kokmanian, K. and Hultmark, M. and Ju, Y. and Mueller, M. E.}
}

@article{NOVOSELOV2021_1,
    title   = {Two-dimensional manifold equations for multi-modal turbulent combustion: Nonpremixed combustion limit and scalar dissipation rates},
    journal = {Combustion and Flame},
    volume  = {231},
    pages   = {111475},
    year    = {2021},
    issn    = {0010-2180},
    doi     = {10.1016/j.combustflame.2021.111475},
    url     = {https://www.sciencedirect.com/science/article/pii/S0010218021002182},
    author  = {Novoselov, A. G. and Perry, B. A. and Mueller, M. E.}
}

@article{NOVOSELOV2021_2,
    title   = {Large Eddy Simulation of a turbulent lifted flame using multi-modal manifold-based models: Feasibility and interpretability},
    journal = {Proceedings of the Combustion Institute},
    volume  = {38},
    number  = {2},
    pages   = {2581--2588},
    year    = {2021},
    issn    = {1540-7489},
    doi     = {10.1016/j.proci.2020.06.217},
    url     = {https://www.sciencedirect.com/science/article/pii/S1540748920303096},
    author  = {Novoselov, A. G. and Lacey, C. E. and Bruce A. Perry and Mueller, M. E.}
}

@inbook{MUELLER2019,
    author  = {Mueller, M. E.},
    title   = {A Computationally Efficient Turnkey Approach to Turbulent Combustion Modeling: From Elusive Fantasy to Impending Reality},
    booktitle   = {AIAA Scitech 2019 Forum},
    year    = {2019},
    publisher   = {American Institute of Aeronautics and Astronautics},
    doi     = {10.2514/6.2019-0994},
    url     = {https://arc.aiaa.org/doi/abs/10.2514/6.2019-0994},
    eprint  = {https://arc.aiaa.org/doi/pdf/10.2514/6.2019-0994}
}

@article{MUELLER2020,
    title   = {Physically-derived reduced-order manifold-based modeling for multi-modal turbulent combustion},
    journal = {Combustion and Flame},
    volume  = {214},
    pages   = {287--305},
    year    = {2020},
    issn    = {0010-2180},
    doi     = {0.1016/j.combustflame.2020.01.004},
    url     = {https://www.sciencedirect.com/science/article/pii/S0010218020300079},
    author  = {Mueller, M. E.}
}

@article{LACEY2021,
    title   = {{In-Situ Adaptive Manifolds}: Enabling computationally efficient simulations of complex turbulent reacting flows},
    journal = {Proceedings of the Combustion Institute},
    volume  = {38},
    number  = {2},
    pages   = {2673--2680},
    year    = {2021},
    issn    = {1540-7489},
    doi     = {10.1016/j.proci.2020.06.207},
    url     = {https://www.sciencedirect.com/science/article/pii/S1540748920302984},
    author  = {Lacey, C. E. and Novoselov, A. G. and Mueller, M. E.}
}

@article{LACEY2024,
	title	= {Data-based instantaneous conditional progress variable dissipation rate modeling for turbulent premixed combustion},
	journal	= {Combustion and Flame},
	volume	= {259},
	pages	= {113139},
	year	= {2024},
	issn	= {0010-2180},
	doi     = {10.1016/j.combustflame.2023.113139},
	url	    = {https://www.sciencedirect.com/science/article/pii/S001021802300514X},
	author	= {Lacey, C. E. and VanderKam, K. and Sundaresan, S. and Mueller, M. E.}
}

%%%%%%%%%%%%%%%%%%%%

@article{DESJARDINS2008,
	title	= {High order conservative finite difference scheme for variable density low Mach number turbulent flows},
	journal	= {Journal of Computational Physics},
	volume	= {227},
	number	= {15},
	pages	= {7125-7159},
	year	= {2008},
	issn	= {0021--9991},
	doi	= {https://doi.org/10.1016/j.jcp.2008.03.027},
	url	= {https://www.sciencedirect.com/science/article/pii/S0021999108001666},
	author	= {Desjardins, O. and Blanquart, G. and Balarac, G. and Pitsch, H.}
}

@article{MACART2016,
    title   = {Semi-implicit iterative methods for low Mach number turbulent reacting flows: Operator splitting versus approximate factorization},
    journal = {Journal of Computational Physics},
    volume  = {326},
    pages   = {569-595},
    year    = {2016},
    issn    = {0021-9991},
    doi     = {10.1016/j.jcp.2016.09.016},
    url     = {https://www.sciencedirect.com/science/article/pii/S0021999116304284},
    author  = {MacArt, J. F. and Mueller, M. E.}
}

@article{DAVE2020,
    title   = {Evolution of local flame displacement speeds in turbulence},
    volume  = {884},
    doi     = {10.1017/jfm.2019.896},
    journal = {Journal of Fluid Mechanics},
    author  = {Dave, H. L. and Chaudhuri, S.},
    year    = {2020},
    pages   = {A46}
}

@article{BURKE2009,
    title   = {Effect of cylindrical confinement on the determination of laminar flame speeds using outwardly propagating flames},
    journal = {Combustion and Flame},
    volume  = {156},
    number  = {4},
    pages   = {771-779},
    year    = {2009},
    issn    = {0010-2180},
    doi     = {10.1016/j.combustflame.2009.01.013},
    url     = {https://www.sciencedirect.com/science/article/pii/S0010218009000200},
    author  = {Burke, M. P. and Chen, Z. and Ju, Y. and Dryer, F. L.}
}

@misc{PDRs,
    author      = {Mueller, M. E.},
    title       = {{PDRs}: {P}hysically-{D}erived {R}educed-{O}rder {M}anifolds},
    year        = {2020},
    note        = {Version 1.0},
    howpublished    = {\url{https://ctrfl.princeton.edu/software/}}
}

@misc{TNF,
    author      = {Barlow, R. S.},
    title       = {Sandia {H2/He} Flame Data},
    year        = {2003},
    note        = {Release 2.0},
    howpublished    = {\url{https://tnfworkshop.org/data-archives/simplejet/}}
}

@misc{TIGER,
    author       = { },
    title        = {{TIGER} Architecture},
    howpublished = {\url{https://researchcomputing.princeton.edu/systems/tiger}}
}

@misc{PERLMUTTER,
    author       = { },
    title        = {{PERLMUTTER} Architecture},
    howpublished = {\url{https://docs.nersc.gov/systems/perlmutter/architecture/}}
}

@misc{LLNL,
    author       = { },
    title        = {{LLNL EIA/SEDS}},
    year         = {2023},
    howpublished = {\url{https://flowcharts.llnl.gov/commodities/energy}}
}

@misc{CEQ,
    author      = {Pope, S. B.},
    title       = {{CEQ}: A Fortran library to compute equilibrium compositions using {G}ibbs function continuation},
    year        = {2003},
    note        = {Version 1.0},
    howpublished    = {\url{https://tcg.mae.cornell.edu/CEQ}}
}

@article{POPE2004,
    title       = {Gibbs function continuation for the stable computation of chemical equilibrium},
    journal     = {Combustion and Flame},
    volume      = {139},
    number      = {3},
    pages       = {222-226},
    year        = {2004},
    issn        = {0010-2180},
    doi         = {10.1016/j.combustflame.2004.07.008},
    url         = {https://www.sciencedirect.com/science/article/pii/S0010218004001725},
    author      = {Stephen B. Pope},
}

@article{SUNDIALS,
    author      = {Hindmarsh, A. C. and Brown, P. N. and Grant, K. E. and Lee, S. L. and Serban, R. and Shumaker, D. E. and Woodward, C. S.},
    title       = {{SUNDIALS}: Suite of nonlinear and differential/algebraic equation solvers},
    year        = {2005},
    issue_date  = {September 2005},
    publisher   = {Association for Computing Machinery},
    address     = {New York, NY, USA},
    volume      = {31},
    number      = {3},
    issn        = {0098-3500},
    url         = {https://doi.org/10.1145/1089014.1089020},
    doi         = {10.1145/1089014.1089020},
    journal     = {ACM Trans. Math. Softw.},
    pages       = {363–396},
    numpages    = {34},
}

@incollection{DLB_OpenMP_SMPS,
    year        = {2012},
    isbn        = {978-3-642-30396-8},
    booktitle   = {Facing the Multicore - Challenge II},
    volume      = {7174},
    series      = {Lecture Notes in Computer Science},
    editor      = {Keller, R. and Kramer, D. and Weiss, J.-P.},
    doi         = {10.1007/978-3-642-30397-5_2},
    title       = {A Dynamic Load Balancing Approach with {SMPSuperscalar} and {MPI}},
    url         = {http://dx.doi.org/10.1007/978-3-642-30397-5_2},
    publisher   = {Springer Berlin Heidelberg},
    author      = {Garcia, M. and Corbalan, J. and Badia, R.M. and Labarta, J.},
    pages       = {10-23},
    language    = {English}
}

@INPROCEEDINGS{LeWI_ICPP09,
    author      = {Garcia, M. and Corbalan, J. and Labarta, J.},
    booktitle   = {Parallel Processing, 2009. ICPP '09. International Conference on},
    title       = {{LeWI}: A Runtime Balancing Algorithm for Nested Parallelism},
    year        = {2009},
    month       = {Sep},
    pages       = {526-533},
    doi         = {10.1109/ICPP.2009.56},
    issn        = {0190-3918}
}

@article{GARCIA2014,
    title       = {Hints to improve automatic load balancing with LeWI for hybrid applications},
    journal     = {Journal of Parallel and Distributed Computing},
    volume      = {74},
    number      = {9},
    pages       = {2781-2794},
    year        = {2014},
    issn        = {0743-7315},
    doi         = {10.1016/j.jpdc.2014.05.004},
    url         = {https://www.sciencedirect.com/science/article/pii/S0743731514000926},
    author      = {Garcia, M. and Labarta, J. and Corbalan, J.}
}

@article{PeleC,
    author      = {Henry de Frahan, M. T. and Rood, J. S. and Day, M. S. and Hariswaran, S. and Yellapantula, S. and Perry, B. A. and Grout, R. W. and Almgren, A. and Zhang, W. and Bell, J. B. and Chen, J. H.},
    title       = {{PeleC}: An adaptive mesh refinement solver for compressible reacting flows},
    journal     = {The International Journal of High Performance Computing Applications},
    volume      = {37},
    number      = {2},
    pages       = {115-131},
    year        = {2023},
    doi         = {10.1177/10943420221121151},
    url         = {https://doi.org/10.1177/10943420221121151},
    eprint      = {https://doi.org/10.1177/10943420221121151}
}

@article{AMReX,
    author      = {Zhang, W. and Myers, A. and Gott, K. and Almgren, A. and Bell, J.},
    title       = {{AMReX}: {B}lock-structured adaptive mesh refinement for multiphysics applications},
    journal     = {The International Journal of High Performance Computing Applications},
    volume      = {35},
    number      = {6},
    pages       = {508-526},
    year        = {2021},
    doi         = {10.1177/10943420211022811},
    url         = {https://doi.org/10.1177/10943420211022811},
    eprint      = {https://doi.org/10.1177/10943420211022811}
}

@article{RETTENMAIER2019,
    title       = {Load balanced {2D} and {3D} adaptive mesh refinement in {OpenFOAM}},
    journal     = {SoftwareX},
    volume      = {10},
    pages       = {100317},
    year        = {2019},
    issn        = {2352-7110},
    doi         = {https://doi.org/10.1016/j.softx.2019.100317},
    url         = {https://www.sciencedirect.com/science/article/pii/S2352711018301699},
    author      = {Rettenmaier, D. and Deising, D. and Ouedraogo, Y. and Gjonaj, E. and {De Gersem}, H. and Bothe, D. and Tropea, C. and Marschall, H.}
}

@article{PeleMP,
    author      = {Owen, L. D. and Ge, W. and Rieth, M. and Arienti, M. and Esclapez, L. and Soriano, B. S. and Mueller, M. E. and Day, M. and Sankaran, R. and Chen, J. H.},
    title       = {{PeleMP}: {The Multiphysics Solver for the Combustion Pele Adaptive Mesh Refinement Code Suite}},
    journal     = {Journal of Fluids Engineering},
    volume      = {146},
    number      = {4},
    pages       = {041103},
    year        = {2024},
    month       = {Feb},
    issn        = {0098-2202},
    doi         = {10.1115/1.4064494},
    url         = {https://doi.org/10.1115/1.4064494},
    eprint      = {https://asmedigitalcollection.asme.org/fluidsengineering/article-pdf/146/4/041103/7243623/fe\_146\_04\_041103.pdf}
}

@article{DLBFoam_1,
    title       = {{DLBFoam}: An open-source dynamic load balancing model for fast reacting flow simulations in {OpenFOAM}},
    journal     = {Computer Physics Communications},
    volume      = {267},
    pages       = {108073},
    year        = {2021},
    issn        = {0010-4655},
    doi         = {https://doi.org/10.1016/j.cpc.2021.108073},
    url         = {https://www.sciencedirect.com/science/article/pii/S0010465521001855},
    author      = {Tekg\"{u}l, B. and Peltonen, P. and Kahila, H. and Kaario, O. and Vuorinen, V.}
}

@article{DLBFoam_2,
    author      = {Morev, I. and Tekg\"{u}l, B. and Gadalla, M. and Shahanaghi, A. and Kannan, J. and Karimkashi, S. and Kaario, O. and Vuorinen, V.},
    title       = {Fast reactive flow simulations using analytical {J}acobian and dynamic load balancing in {OpenFOAM}},
    journal     = {Physics of Fluids},
    volume      = {34},
    number      = {2},
    pages       = {021801},
    year        = {2022},
    month       = {Feb},
    doi         = {10.1063/5.0077437},
    url         = {https://doi.org/10.1063/5.0077437},
    eprint      = {https://pubs.aip.org/aip/pof/article-pdf/doi/10.1063/5.0077437/19868913/021801\_1\_5.0077437.pdf}
}

@article{Work_Stealing,
    author      = {Blumofe, R. D. and Leiserson, Charles E.},
    title       = {Scheduling multithreaded computations by work stealing},
    year        = {1999},
    issue_date  = {Sept. 1999},
    publisher   = {Association for Computing Machinery},
    address     = {New York, NY, USA},
    volume      = {46},
    number      = {5},
    issn        = {0004-5411},
    url         = {https://doi.org/10.1145/324133.324234},
    doi         = {10.1145/324133.324234},
    journal     = {J. ACM},
    month       = {Sep},
    pages       = {720–748},
    numpages    = {29}
}

@article{BARLOW1998,
    title       = {Effects of turbulence on species mass fractions in methane/air jet flames},
    journal     = {Symposium (International) on Combustion},
    volume      = {27},
    number      = {1},
    pages       = {1087-1095},
    year        = {1998},
    note        = {Twenty-Seventh Sysposium (International) on Combustion Volume One},
    issn        = {0082-0784},
    doi         = {10.1016/S0082-0784(98)80510-9},
    url         = {https://www.sciencedirect.com/science/article/pii/S0082078498805109},
    author      = {Barlow, R. S. and Frank, J. H.}
}

@article{BARLOW1994,
    title       = {{R}aman/{R}ayleigh/{LIF} measurements of nitric oxide formation in turbulent hydrogen jet flames},
    journal     = {Combustion and Flame},
    volume      = {97},
    number      = {3},
    pages       = {261-280},
    year        = {1994},
    issn        = {0010-2180},
    doi         = {10.1016/0010-2180(94)90020-5},
    url         = {https://www.sciencedirect.com/science/article/pii/0010218094900205},
    author      = {Barlow, R. S. and Carter, C. D.}
}

@article{BARLOW1996,
    title       = {Relationships among nitric oxide, temperature, and mixture fraction in hydrogen jet flames},
    journal     = {Combustion and Flame},
    volume      = {104},
    number      = {3},
    pages       = {288-299},
    year        = {1996},
    issn        = {0010-2180},
    doi         = {10.1016/0010-2180(95)00123-9},
    url         = {https://www.sciencedirect.com/science/article/pii/0010218095001239},
    author      = {Barlow, R. S. and Carter, C. D.}
}

@inproceedings{Zonal,
    author      = {Raju, M. and Wang, M. and Dai, M. and Piggott, W. and Flowers, D.},
    title       = {Acceleration of Detailed Chemical Kinetics Using Multi-zone Modeling for {CFD} in Internal Combustion Engine Simulations},
    booktitle   = {SAE 2012 World Congress \& Exhibition},
    publisher   = {SAE International},
    month       = {Apr},
    year        = {2012},
    doi         = {10.4271/2012-01-0135},
    url         = {https://doi.org/10.4271/2012-01-0135}
}

@phdthesis{Chen_thesis,
    title       = {Studies on the Initiation, Propagation, and Extinction of Premixed Flames},
    author      = {Chen, Z.},
    year        = {2009},
    month       = {Jan},
    address     = {Princeton, NJ},
    note        = {Available at \url{http://www2.coe.pku.edu.cn/tpic/2011812212957550.pdf}},
    school      = {Princeton University},
    type        = {PhD thesis}
}